<?xml version="1.0" encoding="UTF-8"?>
<record xmlns="http://www.loc.gov/MARC21/slim">
   <leader>01119cam a22002295  4500</leader>
   <controlfield tag="001">1572996</controlfield>
   <controlfield tag="003">NjP</controlfield>
   <controlfield tag="005">20170217165937.0</controlfield>
   <controlfield tag="008">860214s1953    ua a          000 0bara d</controlfield>
   <datafield tag="024" ind1="7" ind2=" ">
      <subfield code="a">princeton_aco003921</subfield>
      <subfield code="2">local</subfield>
   </datafield>
   <datafield ind1=" " ind2=" " tag="035">
      <subfield code="a">(OCoLC)ocm13152268</subfield>
   </datafield>
   <datafield ind1=" " ind2=" " tag="035">
      <subfield code="9">CEY0647TS</subfield>
   </datafield>
   <datafield ind1=" " ind2=" " tag="040">
      <subfield code="a">CLU</subfield>
      <subfield code="c">CLU</subfield>
      <subfield code="d">PUL</subfield>
   </datafield>
   <datafield ind1="1" ind2=" " tag="041">
      <subfield code="a">ara</subfield>
      <subfield code="h">tur</subfield>
   </datafield>
   <datafield ind1="1" ind2=" " tag="100">
      <subfield code="a">Berki, Ali Himmet,</subfield>
      <subfield code="d">1882-1976.</subfield>
      <subfield code="0">http://id.loc.gov/authorities/names/nr94002156</subfield>
   </datafield>
   <datafield ind1="1" ind2="0" tag="240">
      <subfield code="a">Büyük Türk hukümdarı İstanbul Fatihi Sultan Mehmed han ve adâlet hayatı.</subfield>
      <subfield code="l">Arabic</subfield>
   </datafield>
   <datafield ind1="1" ind2="4" tag="245">
      <subfield code="a">al-ʻĀhil al-ʻUthmānī Abū al-Fatḥ al-Sulṭān Muḥammad al-Thānī, fātiḥ al-Qusṭanṭīnīyah wa-ḥayāt al-ʻadlīyah /</subfield>
      <subfield code="c">taʾlīf ʻAlī Himmat Barkī al-Āqsakī ; taʻrīb Muḥammad Iḥsān ibn ʻAbd al-ʻAzīz.</subfield>
   </datafield>
   <datafield ind1=" " ind2=" " tag="260">
      <subfield code="a">[Cairo] :</subfield>
      <subfield code="b">al-Khānjī,</subfield>
      <subfield code="c">1953.</subfield>
   </datafield>
   <datafield ind1=" " ind2=" " tag="300">
      <subfield code="a">236 p.</subfield>
      <subfield code="b">ill. ;</subfield>
      <subfield code="c">25 cm.</subfield>
   </datafield>
   <datafield ind1=" " ind2=" " tag="500">
      <subfield code="a">At head of title: Bi-munāsabat al-iḥtifāl bi-murūr khamsmiʾat ʻām ʻalā fatḥ Istānbūl.</subfield>
   </datafield>
   <datafield ind1="0" ind2="0" tag="600">
      <subfield code="a">Mehmed</subfield>
      <subfield code="b">II,</subfield>
      <subfield code="c">Sultan of the Turks,</subfield>
      <subfield code="d">1432-1481.</subfield>
   </datafield>
   <datafield ind1=" " ind2=" " tag="947">
      <subfield code="a">CEY0647</subfield>
   </datafield>
   <datafield ind1=" " ind2=" " tag="911">
      <subfield code="a">20000130</subfield>
   </datafield>
   <datafield ind1="0" ind2="0" tag="852">
      <subfield code="0">1810692</subfield>
      <subfield code="b">rcppa</subfield>
      <subfield code="t">0</subfield>
      <subfield code="h">DR501</subfield>
      <subfield code="i">.B475124 1953</subfield>
      <subfield code="x">tr fr f</subfield>
   </datafield>
   <datafield ind1=" " ind2=" " tag="959">
      <subfield code="a">2000-06-13 00:00:00 -0400</subfield>
   </datafield>
</record>
